<record><leader>00000cas a22000007a 4500</leader><controlfield tag="001">16157049</controlfield><controlfield tag="008">870710d185618uunjuwr ne      0    0eng d</controlfield><datafield ind1=" " ind2=" " tag="010"><subfield code="a">sn 87068249 </subfield></datafield><datafield ind1=" " ind2=" " tag="040"><subfield code="a">NJW</subfield><subfield code="b">eng</subfield><subfield code="c">NJW</subfield><subfield code="d">MGN</subfield><subfield code="d">OCLCQ</subfield></datafield><datafield ind1=" " ind2=" " tag="042"><subfield code="a">msc</subfield></datafield><datafield ind1="0" ind2=" " tag="130"><subfield code="a">Newark register (Newark, N.J. : 1856)</subfield></datafield><datafield ind1="1" ind2="0" tag="245"><subfield code="a">Newark register.</subfield></datafield><datafield ind1=" " ind2=" " tag="260"><subfield code="a">Newark [N.J.] :</subfield><subfield code="b">Jackson &amp; Moore</subfield></datafield><datafield ind1=" " ind2=" " tag="310"><subfield code="a">Weekly</subfield></datafield><datafield ind1="1" ind2=" " tag="362"><subfield code="a">Began in 1856.</subfield></datafield><datafield ind1=" " ind2=" " tag="500"><subfield code="a">Publishers: Lewis Moore &amp; Co., &lt;1858&gt;.</subfield></datafield><datafield ind1=" " ind2=" " tag="530"><subfield code="a">Also issued on microfilm as part of the Civil War newspapers collection.</subfield></datafield><datafield ind1=" " ind2=" " tag="588"><subfield code="a">Description based on: Vol. 1, no. 22 (Aug. 16, 1856).</subfield></datafield><datafield ind1=" " ind2=" " tag="752"><subfield code="a">United States</subfield><subfield code="b">New Jersey</subfield><subfield code="c">Essex</subfield><subfield code="d">Newark.</subfield></datafield></record>